@PhDThesis{Ge2014,
author = {Ge, Ning},
title = "{Property Driven Verification Framework: Application to Real-Time Property for UML-MARTE Software Designs}",
year = {2014},
type = {Ph.D.},
school = {Institut National Polytechnique de Toulouse},
address = {Toulouse}
}


@TechReport{csmwp4,
author = {C\'ecile Braunstein and Jan Peleska and Uwe Schulze and Felix HÃ¼bner and Wen-ling Huang and Anne E. Haxthausen and Linh Vu Hong},
title = {A {SysML} Test Model and Test Suite for the {ETCS} Ceiling Speed Monitor},
institution = {Univ. Bremen},
year = {2014}
}
