@book{Ieee2008,
author = {IEEE},
file = {:Users/nhnghia/these/docs/IEEE Standard for Software and System Test Documentation - IEEE - 2008.pdf:pdf},
isbn = {9780738157467},
keywords = {integrity level,life cycle,t,test documentation},
mendeley-groups = {openETCS/refs},
number = {July},
title = {{IEEE Standard for Software and System Test Documentation}},
volume = {2008},
year = {2008}
}
@book{Ieee1990,
author = {IEEE},
file = {:Users/nhnghia/these/docs/IEEE Standard Computer Dictionary - IEEE - 1990.pdf:pdf},
isbn = {1559370793},
keywords = {definitions,dictionary,glossary,library of congress catalog,number 90-086306,terminology},
mendeley-groups = {openETCS/refs,\_IEEE std},
title = {{IEEE Standard Computer Dictionary}},
year = {1990}
}
