@Article{SRS,
  author = 	 {ERA and UNISIG and EEIG ERTMS USERS GROUP},
  title = 	 "{ERTMS/ ETCS System Requirements Specification, \textsc{SUBSET-026}}",
  journal = 	 {European Railway Agency Document Register},
  year = 	 {2012},
  OPTkey = 	 {},
  OPTvolume = 	 {},
  OPTnumber = 	 {},
  OPTpages = 	 {},
  month = 	 {3},
  note = 	 {\url{http://www.era.europa.eu/Document-Register/Documents/Set-2-Index004-SUBSET-026%20v330.zip}},
  OPTannote = 	 {}
}

@Article{EN50128,
  author = 	 {Comit\'{e} Europ\'{e}en de Normalisation Electrotechnique},
  title = 	 "{Railway applications - Communication, signalling and processing systems - Software for railway control and protection systems, \textsc{EN~50128}}",
  journal = 	 {EUROPEAN STANDARD},
  year = 	 {2011},
  key = 	 {EN50128},
  OPTvolume = 	 {},
  OPTnumber = 	 {},
  OPTpages = 	 {},
  month = 	 {6},
  OPTnote = 	 {},
  OPTannote = 	 {}
}

@Article{DetTrainLoc1401,
  author = 	 {Uwe~Steinke},
  title = 	 "{openETCS “Determine Train Location” Procedure}",
  journal = 	 "{openETCS SRS-Analysis repository}",
  year = 	 {2014},
  OPTkey = 	 {153e793955b38c986dad3bfd8d3fbfe8d5ced77e},
  OPTvolume = 	 {},
  OPTnumber = 	 {},
  OPTpages = 	 {},
  month = 	 {01},
  note = 	 {https://github.com/openETCS/SRS-Analysis/blob/153e793955b38c986dad3bfd8d3fbfe8d5ced77e/System%20Analysis/WorkingRepository/Group4/SUBSET_26_3-6/DetermineTrainLocationProcedures.docx},
  OPTannote = 	 {}
}

@Article{TrainPosLoc1405,
  author = 	 {Jan~Welvaarts},
  title = 	 "{Train Position and Locations}",
  journal = 	 "{openETCS SRS-Analysis repository}",
  year = 	 {2014},
  key = 	 {edc8a3238e59ad4d2a2440f39e4c791cf6bbf7bd},
  OPTvolume = 	 {},
  number = 	 {0.0.15},
  OPTpages = 	 {},
  month = 	 {5},
  note = 	 {\url{https://github.com/openETCS/SRS-Analysis/blob/edc8a3238e59ad4d2a2440f39e4c791cf6bbf7bd/System%20Analysis/WorkingRepository/GroupDB/Train%20Position%20and%20Locations.zip?raw=true}},
  OPTannote = 	 {}
}

@Article{openETCS-Arch-I1,
  author = 	 {Bernd~Hekele and Peter~Mahlmann, Paymann~Farhangi and Uwe~Steinke and Christian~Stahl and David~Mentr\'{e}},
  title = 	 {openETCS System Architecture and Design Specification},
  journal = 	 {openETCS modeling repository},
  year = 	 {2014},
  key = 	 {18cd45f54932b46dde7fea404f21aa5b27bcc516},
  OPTvolume = 	 {},
  OPTnumber = 	 {},
  OPTpages = 	 {},
  month = 	 {10},
  note = 	 {\url{https://github.com/openETCS/modeling/blob/18cd45f54932b46dde7fea404f21aa5b27bcc516/openETCS%20ArchitectureAndDesign/FirstIteration/openETCSArchitectureAndDesignSpecification.pdf?raw=true}},
  OPTannote = 	 {}
}

@Article{2012/88/EU,
    author  = {European Union},
    title   = "{Commission Decision of 25 January 2012 on the technical specification for interoperability relating to the control-command and signalling subsystems of the trans-European rail system}",
    journal = {Official Journal of the European Union},
    year    = {2012},
    pages   = {L51/1-L51/65}
}

@Article{2012/696/EU,
    author  = {European Union},
    title   = "{Commission Decision of 6 November 2012 amending Decision 2012/88/EU on the technical specifications for interoperability relating to the control-command and signalling subsystems of the trans-European rail system}",
    journal = {Official Journal of the European Union},
    year    = {2012},
    pages   = {L311/3-L311/13}
}