
@MASTERSTHESIS{thesisKimVoellinger,
  AUTHOR = {Kim V\"ollinger},
  TITLE = "{Einsatz des Beweisassistenten Coq zur deduktiven Programmverifikation}",
  SCHOOL = {Humboldt-Universit\"at zu Berlin},
  TYPE = {Master's Thesis ({Diplomarbeit})},
  ADDRESS = {},
  MONTH = AUG,
  YEAR = 2013
}

@inproceedings{INDIN2103-FOKUS,
  author    = {Virgile Prevosto and
               Jochen Burghardt and
               Jens Gerlach and
               Kerstin Hartig and
               Hans Werner Pohl and
               Kim Voellinger},
  title     = "Formal Specification and Automated Verification of Railway
               Software with Frama-C",
  booktitle = {INDIN},
  year      = {2013},
  pages     = {710-715},
}

@techreport{IEC-61508-3,
  author = "{IEC} {SC}~{65A}",
  title =  "Functional safety of electrical/electronic/programmable
                  electronic safety-related systems, Part 3 Software requirements",
  number = "IEC 61508",
  institution =  "The International Electrotechnical Commission",
  year =   2010,
}

@ARTICLE{HoareCalculus,
  author = {C. A. R. Hoare},
  title = {An axiomatic basis for computer programming},
  journal = {Communications of the ACM},
  year = 1969,
  volume = {12},
  pages = {576–580 and 583},
  number = {10},
}

@Manual{Coq,
  title =        {{The Coq Proof Assistant Reference Manual}},
  author =    {{Coq Development Team}},
  edition =   {v8.3},
  year =      2011,
  note =      {\url{http://coq.inria.fr/}}}

@misc{acsl,
  title  = "{ANSI/ISO C Specification Language}",
  month = mar,
  year =      2014,
  howpublished = "\url{http://frama-c.com/acsl.html}"
}

@misc{FramaC,
  title  = "{Frama-C Software Analyzers}",
  month = mar,
  year =      2014,
  howpublished = "\url{http://frama-c.com}"
}



@Manual{fcman,
  title =        {Frama-C User Manual},
  author =    {Loïc Correnson and Pascal Cuoq and Florent Kirchner
                  and Virgile Prevosto and Armand Puccetti and Julien
                  Signoles and Boris Yakobowski},
  note =      {\url{http://frama-c.com/download/user-manual-Neon-20140301.pdf}}}

@misc{alt-ergo,
  author = "Sylvain Conchon and Evelyne Contejean and Johannes Kanig",
  title  = "{Homepage of the Alt-Ergo Theorem Prover}",
  year =      2013,
  howpublished = "\url{http://alt-ergo.lri.fr/}"
}


@misc{cvc,
  author = "Clark Barrett and Cesare Tinelli",
  title  = "{Homepage of CVC4}",
  year = 2014,
  howpublished = "\url{http://cvc4.cs.nyu.edu/web}"
}


@misc{wp,
  title  = "{WP Plug-in}",
  month = mar,
  year =      2014,
  howpublished = "\url{http://frama-c.com/wp.html}"
}

@techreport{ISO:C99,
  title = "{ISO C Standard 1999}",
  author = {ISO},
  INSTITUTION =   {ISO/IEC JTC 1},
  description = {C Language ISO 1999},
  editor = {WG14},
  note = {ISO/IEC 9899:1999 draft},
  url = {http://www.open-std.org/jtc1/sc22/wg14/www/docs/n1124.pdf},
  year = 1999
}

@misc{MI_idaho,
  author = "Oman, P.W.; Hagemeister, J.; and Ash, D.",
  title  = "{A Definition and Taxonomy for Software Maintainability}",
  year =      1991
}

@ARTICLE{MI_IEEE,
  author = {Dan Coleman, Dan Ash, Bruce Lowther and Paul Oman},
  title = {Using Metrics to Evaluate Software System Maintainability},
  year = 1994,
  journal = {IEEE Computer},
  volume = {27},
  pages = {44-49},
  number = {8},
}